2759 4750
400 1191 942 1286 PRAEFATIO:
1096 1244 1104 1279 t

559 1457 796 1476 m

139 1675 344 1788 Mirabili
369 1667 601 1794 [aeduum
624 1734 699 1804 est,
723 1733 910 1792 uteorum
925 1697 1105 1805 virorum,
1132 1721 1200 1821 qui

137 1851 182 1930 in
207 1853 348 1956 dupinii
381 1853 490 1930 Statii
524 1855 746 1930 carminibus
780 1843 1016 1932 e'mendundis
1047 1873 1085 1930 et
1113 1857 1199 1954 illu·
1332 1881 1337 1889 ’

140 1988 298 2067 suante
313 1990 546 2078 laborabant,
573 1993 743 2098 plerique
761 2009 827 2066 eut
842 1991 1060 2066 difficultate
1077 1995 1199 2096 operis

140 2135 215 2200 om
247 2131 430 2203 numerosi
472 2128 655 2216 deterriti,
695 2132 735 2226 in
770 2131 889 2233 prime
922 2131 1061 2241 negotii
1092 2148 1198 2234 perte

140 2263 393 2354 subsisterent,
421 2283 485 2341 eut
510 2267 738 2368 aliquantum
762 2252 962 2371 progressi.¹
993 2286 1216 2378 praefinitur¹
1272 2325 1282 2347 .

138 2430 216 2477 rem
241 2422 395 2479 mortem
422 2404 687 2481 occumberent.
741 2408 931 2479 Nemeen
958 2404 1067 2480 modo
1090 2412 1197 2483 lenus

138 2538 351 2627 Parrhasius
383 2542 422 2617 iu
467 2548 693 2643 Argumento
727 2544 880 2645 praelat
917 2542 1110 2617 Claudiani
1150 2543 1197 2620 ed

136 2682 167 2754 1.
195 2677 277 2753 libr.
305 2676 351 2753 de
366 2682 485 2783 Roptu
501 2682 664 2782 Proserp.
692 2697 731 2755 et
753 2682 796 2757 1..
817 2680 944 2758 Curtio
969 2683 1009 2755 in
1024 2683 1209 2783 Antiquis.

139 2817 239 2890 Leot
271 2820 306 2901 1,
338 2835 372 2903 5.
408 2832 446 2891 et
477 2816 657 2895 Adrianus
694 2815 866 2893 Bebotius
897 2819 937 2891 in
971 2816 1195 2921 Apophoret.

138 2950 324 3040 C1itie11,
341 2961 376 3027 6.
403 2981 440 3057 p.
459 2976 519 3047 79.
548 2970 584 3027 et
610 2949 717 3029 lunus
743 2952 960 3029 Gebhardus
978 2956 1016 3030 in
1033 2954 1196 3057 Crepun-

136 3088 207 3164 diis
231 3110 270 3193 p.
290 3116 373 3163 111.
401 3108 438 3165 et
463 3090 526 3165 elii
551 3090 675 3179 multi,
704 3118 797 3193 quos
818 3116 916 3167 nunc
939 3116 1014 3164 uon
1031 3088 1193 3178 nomino,

135 3226 334 3301 editionem
352 3224 482 3331 benuo
498 3229 697 3303 cuminum
715 3226 993 3331 promittebant,
1011 3226 1073 3301 sed
1085 3230 1194 3306 edum
1274 3276 1279 3281 ·

55 3336 71 3347 “
136 3362 312 3468 Iosephus
337 3364 498 3466 Scaliger
531 3364 577 3443 de
608 3335 915 3467 praelectionibus
941 3365 1014 3437 suis
1045 3363 1194 3439 edendis

134 3517 262 3576 uenat
291 3503 331 3593 in
365 3506 461 3577 notis
498 3502 543 3575 ed
579 3504 763 3605 Propertii
796 3500 914 3575 carm.
939 3504 989 3587 11,
1017 3524 1051 3585 2.
1086 3517 1125 3575 et
1152 3502 1191 3579 io

133 3638 287 3741 Epistol.
316 3648 402 3738 374.
438 3654 475 3713 et
512 3642 556 3713 N.
593 3640 761 3715 Heinsius
785 3639 975 3716 consilium
1009 3615 1126 3718 suum
1146 3637 1193 3713 de

133 3772 201 3848 boc
226 3802 268 3849 re
292 3766 510 3877 ex'ponissn
527 3776 663 3878 Syllog.
688 3753 839 3881 Epistol.
866 3778 905 3847 Τ.
920 3778 961 3847 V.
987 3801 1025 3876 p.
1044 3794 1128 3865 557.
1156 3793 1193 3858 ct

129 3940 193 3998 ee,
222 3938 316 4013 quse
341 3916 392 3985 P:
408 3893 653 4017 Burmannus,¹
681 3918 758 3989 Nic.
786 3911 959 4013 Hoplius,
986 3914 1124 4016 aliique
1147 3912 1195 3990 od

129 4048 397 4123 emendandum
424 4050 819 4148 libitum-parauerunt,
853 4079 954 4128 nuuc
978 4079 1044 4149 pet·
1067 4080 1127 4127 me
1148 4054 1192 4135 ln

129 4208 261 4259 manus
276 4184 462 4263 boudnurn
481 4192 641 4308 veniunt.
677 4192 801 4283 Quum
817 4166 931 4293 igitur
945 4191 1193 4275 Stationem
