<?xml version="1.0" encoding="UTF-8"?>
<!DOCTYPE html PUBLIC "-//W3C//DTD XHTML 1.0 Transitional//EN"
    "http://www.w3.org/TR/xhtml1/DTD/xhtml1-transitional.dtd">
<html xmlns="http://www.w3.org/1999/xhtml" xml:lang="en" lang="en">
 <head>
  <title>
</title>
<meta http-equiv="Content-Type" content="text/html;charset=utf-8" />
  <meta name='ocr-system' content='tesseract 3.04.00' />
  <meta name='ocr-capabilities' content='ocr_page ocr_carea ocr_par ocr_line ocrx_word'/>
</head>
<body>
  <div class='ocr_page' id='page_1' title='image "./silvaerecensuit00statgoog_0087.png"; bbox 0 0 2759 4750; ppageno 0'>
   <div class='ocr_carea' id='block_1_1' title="bbox 320 383 1203 514">
    <p class='ocr_par' dir='ltr' id='par_1_1' title="bbox 320 383 1203 514">
     <span class='ocr_line' id='line_1_1' title="bbox 320 383 1203 514; baseline 0.002 -36"><span class='ocrx_word' id='word_1_1' title='bbox 320 415 324 444; x_wconf 86' lang='lat'><strong>¹</strong></span> <span class='ocrx_word' id='word_1_2' title='bbox 373 383 375 394; x_wconf 68' lang='grc'><strong>’</strong></span> <span class='ocrx_word' id='word_1_3' title='bbox 475 411 865 494; x_wconf 61' lang='lat' dir='ltr'>usnr&#39;uyuuur.</span> <span class='ocrx_word' id='word_1_4' title='bbox 1081 426 1203 514; x_wconf 73' lang='lat' dir='ltr'>xxru·</span> 
     </span>
    </p>
   </div>
   <div class='ocr_carea' id='block_1_2' title="bbox 128 601 1197 858">
    <p class='ocr_par' dir='ltr' id='par_1_2' title="bbox 128 601 1197 858">
     <span class='ocr_line' id='line_1_2' title="bbox 129 601 1197 726; baseline 0 -32"><span class='ocrx_word' id='word_1_5' title='bbox 129 645 297 717; x_wconf 88' lang='lat' dir='ltr'>quorum</span> <span class='ocrx_word' id='word_1_6' title='bbox 316 615 407 692; x_wconf 82' lang='lat' dir='ltr'>adeo</span> <span class='ocrx_word' id='word_1_7' title='bbox 429 601 647 692; x_wconf 79' lang='lat' dir='ltr'>humanitati</span> <span class='ocrx_word' id='word_1_8' title='bbox 670 635 708 691; x_wconf 88' lang='lat' dir='ltr'>et</span> <span class='ocrx_word' id='word_1_9' title='bbox 740 621 902 726; x_wconf 64' lang='lat' dir='ltr'>connitati</span> <span class='ocrx_word' id='word_1_10' title='bbox 927 619 1067 694; x_wconf 82' lang='lat' dir='ltr'>utinam</span> <span class='ocrx_word' id='word_1_11' title='bbox 1089 647 1197 722; x_wconf 85' lang='lat' dir='ltr'>pares</span> 
     </span>
     <span class='ocr_line' id='line_1_3' title="bbox 128 735 1197 858; baseline 0.001 -28"><span class='ocrx_word' id='word_1_12' title='bbox 128 759 271 857; x_wconf 79' lang='lat' dir='ltr'>gratias</span> <span class='ocrx_word' id='word_1_13' title='bbox 288 735 429 840; x_wconf 73' lang='lat' dir='ltr'>referre¹</span> <span class='ocrx_word' id='word_1_14' title='bbox 440 777 592 858; x_wconf 88' lang='lat' dir='ltr'>possem.</span> <span class='ocrx_word' id='word_1_15' title='bbox 653 745 785 830; x_wconf 83' lang='lat' dir='ltr'>Etiam</span> <span class='ocrx_word' id='word_1_16' title='bbox 803 736 929 843; x_wconf 78' lang='lat' dir='ltr'>uideo,</span> <span class='ocrx_word' id='word_1_17' title='bbox 963 759 1082 830; x_wconf 86' lang='lat' dir='ltr'>omnia</span> <span class='ocrx_word' id='word_1_18' title='bbox 1102 783 1197 858; x_wconf 83' lang='lat' dir='ltr'>quee</span> 
     </span>
    </p>
   </div>
   <div class='ocr_carea' id='block_1_3' title="bbox 128 893 1269 998">
    <p class='ocr_par' dir='ltr' id='par_1_3' title="bbox 128 893 1269 998">
     <span class='ocr_line' id='line_1_4' title="bbox 128 893 1269 998; baseline -0.004 -28"><span class='ocrx_word' id='word_1_19' title='bbox 128 895 180 970; x_wconf 89' lang='lat' dir='ltr'>de</span> <span class='ocrx_word' id='word_1_20' title='bbox 205 895 430 998; x_wconf 79' lang='lat' dir='ltr'>praestantia</span> <span class='ocrx_word' id='word_1_21' title='bbox 454 893 538 990; x_wconf 85' lang='lat' dir='ltr'>edit.</span> <span class='ocrx_word' id='word_1_22' title='bbox 558 895 672 966; x_wconf 84' lang='lat' dir='ltr'>Parm.</span> <span class='ocrx_word' id='word_1_23' title='bbox 695 893 1006 995; x_wconf 78' lang='lat' dir='ltr'><strong>praedicaveram,</strong></span> <span class='ocrx_word' id='word_1_24' title='bbox 1042 894 1089 967; x_wconf 86' lang='lat' dir='ltr'>nd</span> <span class='ocrx_word' id='word_1_25' title='bbox 1103 893 1198 967; x_wconf 71' lang='lat' dir='ltr'>hono</span> <span class='ocrx_word' id='word_1_26' title='bbox 1263 937 1269 948; x_wconf 74' lang='lat'><em>›</em></span> 
     </span>
    </p>
   </div>
   <div class='ocr_carea' id='block_1_4' title="bbox 68 1031 1196 1136">
    <p class='ocr_par' dir='ltr' id='par_1_4' title="bbox 68 1031 1196 1136">
     <span class='ocr_line' id='line_1_5' title="bbox 68 1031 1196 1136; baseline -0.001 -30"><span class='ocrx_word' id='word_1_27' title='bbox 68 1117 73 1124; x_wconf 26' lang='lat'>¹</span> <span class='ocrx_word' id='word_1_28' title='bbox 126 1034 275 1136; x_wconf 82' lang='lat' dir='ltr'>potiori</span> <span class='ocrx_word' id='word_1_29' title='bbox 307 1034 387 1104; x_wconf 91' lang='lat' dir='ltr'>iure</span> <span class='ocrx_word' id='word_1_30' title='bbox 420 1031 668 1104; x_wconf 79' lang='lat' dir='ltr'>transferendo</span> <span class='ocrx_word' id='word_1_31' title='bbox 687 1059 790 1116; x_wconf 59' lang='lat' dir='ltr'>&#39;esses</span> <span class='ocrx_word' id='word_1_32' title='bbox 832 1035 973 1135; x_wconf 81' lang='lat' dir='ltr'>qnippe</span> <span class='ocrx_word' id='word_1_33' title='bbox 995 1033 1196 1108; x_wconf 79' lang='lat' dir='ltr'><strong>Parmensis</strong></span> 
     </span>
    </p>
   </div>
   <div class='ocr_carea' id='block_1_5' title="bbox 1330 987 1340 1018">
    <p class='ocr_par' dir='ltr' id='par_1_5' title="bbox 1330 987 1340 1018">
     <span class='ocr_line' id='line_1_6' title="bbox 1330 987 1340 1018; baseline 0 0"><span class='ocrx_word' id='word_1_34' title='bbox 1330 987 1340 1018; x_wconf 75' lang='lat' dir='ltr'>t</span> 
     </span>
    </p>
   </div>
   <div class='ocr_carea' id='block_1_6' title="bbox 128 1152 1325 1270">
    <p class='ocr_par' dir='ltr' id='par_1_6' title="bbox 128 1152 1325 1270">
     <span class='ocr_line' id='line_1_7' title="bbox 128 1152 1325 1270; baseline -0.003 -26"><span class='ocrx_word' id='word_1_35' title='bbox 128 1197 181 1244; x_wconf 86' lang='lat' dir='ltr'>ex</span> <span class='ocrx_word' id='word_1_36' title='bbox 197 1167 268 1241; x_wconf 83' lang='lat' dir='ltr'>hac</span> <span class='ocrx_word' id='word_1_37' title='bbox 288 1167 399 1270; x_wconf 83' lang='lat' dir='ltr'>plane</span> <span class='ocrx_word' id='word_1_38' title='bbox 416 1195 588 1270; x_wconf 79' lang='lat' dir='ltr'>expressa</span> <span class='ocrx_word' id='word_1_39' title='bbox 608 1152 718 1242; x_wconf 79' lang='lat' dir='ltr'>tuisse</span> <span class='ocrx_word' id='word_1_40' title='bbox 735 1169 898 1257; x_wconf 83' lang='lat' dir='ltr'>videtur,</span> <span class='ocrx_word' id='word_1_41' title='bbox 932 1172 1081 1262; x_wconf 82' lang='lat' dir='ltr'>mutetis</span> <span class='ocrx_word' id='word_1_42' title='bbox 1107 1177 1229 1259; x_wconf 55' lang='lat' dir='ltr'>non-j</span> <span class='ocrx_word' id='word_1_43' title='bbox 1269 1171 1288 1192; x_wconf 81' lang='lat'><strong><em>‘</em></strong></span> <span class='ocrx_word' id='word_1_44' title='bbox 1322 1182 1325 1189; x_wconf 91' lang='lat'>&#39;</span> 
     </span>
    </p>
   </div>
   <div class='ocr_carea' id='block_1_7' title="bbox 129 1293 1196 1408">
    <p class='ocr_par' dir='ltr' id='par_1_7' title="bbox 129 1293 1196 1408">
     <span class='ocr_line' id='line_1_8' title="bbox 129 1293 1196 1408; baseline -0.004 -28"><span class='ocrx_word' id='word_1_45' title='bbox 129 1307 247 1380; x_wconf 76' lang='lat' dir='ltr'>nuliis</span> <span class='ocrx_word' id='word_1_46' title='bbox 273 1309 336 1395; x_wconf 84' lang='lat' dir='ltr'>(et</span> <span class='ocrx_word' id='word_1_47' title='bbox 358 1305 569 1406; x_wconf 71' lang='lat' dir='ltr'>fsequenter</span> <span class='ocrx_word' id='word_1_48' title='bbox 593 1307 632 1378; x_wconf 92' lang='lat' dir='ltr'>in</span> <span class='ocrx_word' id='word_1_49' title='bbox 656 1308 782 1408; x_wconf 82' lang='lat' dir='ltr'>peius)</span> <span class='ocrx_word' id='word_1_50' title='bbox 807 1297 864 1382; x_wconf 86' lang='lat' dir='ltr'>vel</span> <span class='ocrx_word' id='word_1_51' title='bbox 882 1293 934 1380; x_wconf 79' lang='lat' dir='ltr'>err</span> <span class='ocrx_word' id='word_1_52' title='bbox 960 1308 1039 1380; x_wconf 81' lang='lat' dir='ltr'>eliis</span> <span class='ocrx_word' id='word_1_53' title='bbox 1058 1296 1196 1405; x_wconf 60' lang='lat' dir='ltr'>xcodici-</span> 
     </span>
    </p>
   </div>
   <div class='ocr_carea' id='block_1_8' title="bbox 91 1431 1301 1546">
    <p class='ocr_par' dir='ltr' id='par_1_8' title="bbox 91 1431 1301 1546">
     <span class='ocr_line' id='line_1_9' title="bbox 91 1431 1301 1546; baseline -0.003 -28"><span class='ocrx_word' id='word_1_54' title='bbox 91 1487 97 1494; x_wconf 90' lang='lat'>-</span> <span class='ocrx_word' id='word_1_55' title='bbox 124 1444 223 1543; x_wconf 81' lang='lat' dir='ltr'>bus,</span> <span class='ocrx_word' id='word_1_56' title='bbox 245 1443 302 1518; x_wconf 87' lang='lat' dir='ltr'>vel</span> <span class='ocrx_word' id='word_1_57' title='bbox 322 1444 417 1521; x_wconf 81' lang='lat' dir='ltr'>forte</span> <span class='ocrx_word' id='word_1_58' title='bbox 434 1471 478 1517; x_wconf 88' lang='lat' dir='ltr'>ex</span> <span class='ocrx_word' id='word_1_59' title='bbox 495 1442 602 1516; x_wconf 83' lang='lat' dir='ltr'>libitu</span> <span class='ocrx_word' id='word_1_60' title='bbox 620 1445 850 1546; x_wconf 82' lang='lat' dir='ltr'>correctoris,</span> <span class='ocrx_word' id='word_1_61' title='bbox 870 1431 1052 1518; x_wconf 82' lang='lat' dir='ltr'>Francisci</span> <span class='ocrx_word' id='word_1_62' title='bbox 1064 1445 1197 1518; x_wconf 85' lang='lat' dir='ltr'>Puteo·</span> <span class='ocrx_word' id='word_1_63' title='bbox 1295 1443 1301 1454; x_wconf 80' lang='lat'><em>&#39;</em></span> 
     </span>
    </p>
   </div>
   <div class='ocr_carea' id='block_1_9' title="bbox 127 1567 1196 1956">
    <p class='ocr_par' dir='ltr' id='par_1_9' title="bbox 127 1567 1196 1956">
     <span class='ocr_line' id='line_1_10' title="bbox 127 1567 1196 1682; baseline 0 -28"><span class='ocrx_word' id='word_1_64' title='bbox 127 1582 232 1656; x_wconf 83' lang='lat' dir='ltr'>lani·</span> <span class='ocrx_word' id='word_1_65' title='bbox 259 1597 297 1654; x_wconf 88' lang='lat' dir='ltr'>et</span> <span class='ocrx_word' id='word_1_66' title='bbox 312 1567 554 1681; x_wconf 80' lang='lat' dir='ltr'>quaecunque</span> <span class='ocrx_word' id='word_1_67' title='bbox 570 1583 712 1682; x_wconf 80' lang='lat' dir='ltr'>egregie</span> <span class='ocrx_word' id='word_1_68' title='bbox 729 1579 840 1656; x_wconf 83' lang='lat' dir='ltr'>hebet</span> <span class='ocrx_word' id='word_1_69' title='bbox 860 1582 1079 1667; x_wconf 82' lang='lat' dir='ltr'>Parmensis,</span> <span class='ocrx_word' id='word_1_70' title='bbox 1107 1579 1196 1654; x_wconf 82' lang='lat' dir='ltr'>hoec</span> 
     </span>
     <span class='ocr_line' id='line_1_11' title="bbox 131 1715 1196 1824; baseline -0.002 -33"><span class='ocrx_word' id='word_1_71' title='bbox 131 1745 287 1820; x_wconf 84' lang='lat' dir='ltr'>quoque</span> <span class='ocrx_word' id='word_1_72' title='bbox 303 1715 431 1800; x_wconf 79' lang='lat' dir='ltr'>hobet3</span> <span class='ocrx_word' id='word_1_73' title='bbox 453 1733 497 1790; x_wconf 87' lang='lat' dir='ltr'>et</span> <span class='ocrx_word' id='word_1_74' title='bbox 510 1719 621 1790; x_wconf 86' lang='lat' dir='ltr'>multa</span> <span class='ocrx_word' id='word_1_75' title='bbox 639 1733 848 1819; x_wconf 76' lang='lat' dir='ltr'>pinoteres,</span> <span class='ocrx_word' id='word_1_76' title='bbox 885 1740 979 1824; x_wconf 71' lang='lat' dir='ltr'>quiae</span> <span class='ocrx_word' id='word_1_77' title='bbox 995 1722 1034 1792; x_wconf 94' lang='lat' dir='ltr'>in</span> <span class='ocrx_word' id='word_1_78' title='bbox 1050 1715 1196 1792; x_wconf 62' lang='lat' dir='ltr'>Auden:</span> 
     </span>
     <span class='ocr_line' id='line_1_12' title="bbox 130 1817 1196 1956; baseline -0.001 -27"><span class='ocrx_word' id='word_1_79' title='bbox 130 1857 188 1930; x_wconf 89' lang='lat' dir='ltr'>dis</span> <span class='ocrx_word' id='word_1_80' title='bbox 209 1854 353 1928; x_wconf 85' lang='lat' dir='ltr'>videas·</span> <span class='ocrx_word' id='word_1_81' title='bbox 381 1817 470 1928; x_wconf 85' lang='lat' dir='ltr'>adeo</span> <span class='ocrx_word' id='word_1_82' title='bbox 491 1869 532 1928; x_wconf 94' lang='lat' dir='ltr'>ut</span> <span class='ocrx_word' id='word_1_83' title='bbox 555 1828 694 1956; x_wconf 82' lang='lat' dir='ltr'>absque</span> <span class='ocrx_word' id='word_1_84' title='bbox 712 1855 781 1929; x_wconf 81' lang='lat' dir='ltr'>huo</span> <span class='ocrx_word' id='word_1_85' title='bbox 800 1855 949 1929; x_wconf 89' lang='lat' dir='ltr'>omniuo</span> <span class='ocrx_word' id='word_1_86' title='bbox 964 1883 1090 1928; x_wconf 83' lang='lat' dir='ltr'>manca</span> <span class='ocrx_word' id='word_1_87' title='bbox 1107 1855 1196 1928; x_wconf 82' lang='lat' dir='ltr'>fuis·</span> 
     </span>
    </p>
   </div>
   <div class='ocr_carea' id='block_1_10' title="bbox 132 1989 1239 2104">
    <p class='ocr_par' dir='ltr' id='par_1_10' title="bbox 132 1989 1239 2104">
     <span class='ocr_line' id='line_1_13' title="bbox 132 1989 1239 2104; baseline -0.004 -37"><span class='ocrx_word' id='word_1_88' title='bbox 132 2011 188 2067; x_wconf 89' lang='lat' dir='ltr'>set</span> <span class='ocrx_word' id='word_1_89' title='bbox 202 2009 330 2069; x_wconf 84' lang='lat' dir='ltr'>nostra</span> <span class='ocrx_word' id='word_1_90' title='bbox 346 1989 470 2064; x_wconf 81' lang='lat' dir='ltr'>editio.</span> <span class='ocrx_word' id='word_1_91' title='bbox 510 1990 622 2063; x_wconf 84' lang='lat' dir='ltr'>Liber</span> <span class='ocrx_word' id='word_1_92' title='bbox 639 2009 693 2064; x_wconf 88' lang='lat' dir='ltr'>est</span> <span class='ocrx_word' id='word_1_93' title='bbox 709 1991 1028 2093; x_wconf 68' lang='lat' dir='ltr'>pulcherrimuss</span> <span class='ocrx_word' id='word_1_94' title='bbox 1017 2017 1056 2064; x_wconf 80' lang='lat' dir='ltr'>sn</span> <span class='ocrx_word' id='word_1_95' title='bbox 1072 1990 1193 2104; x_wconf 53' lang='lat' dir='ltr'>iulio.</span> <span class='ocrx_word' id='word_1_96' title='bbox 1232 2037 1239 2048; x_wconf 81' lang='lat'><strong>·</strong></span> 
     </span>
    </p>
   </div>
   <div class='ocr_carea' id='block_1_11' title="bbox 131 2101 1195 2371">
    <p class='ocr_par' dir='ltr' id='par_1_11' title="bbox 131 2101 1195 2371">
     <span class='ocr_line' id='line_1_14' title="bbox 131 2101 1195 2234; baseline -0.001 -31"><span class='ocrx_word' id='word_1_97' title='bbox 131 2133 171 2203; x_wconf 89' lang='lat' dir='ltr'>in</span> <span class='ocrx_word' id='word_1_98' title='bbox 199 2127 329 2203; x_wconf 87' lang='lat' dir='ltr'>eodem</span> <span class='ocrx_word' id='word_1_99' title='bbox 353 2127 536 2234; x_wconf 86' lang='lat' dir='ltr'>volumine</span> <span class='ocrx_word' id='word_1_100' title='bbox 558 2101 997 2216; x_wconf 58' lang='lat' dir='ltr'>continentur⁰Cntullus,</span> <span class='ocrx_word' id='word_1_101' title='bbox 1023 2128 1195 2202; x_wconf 61' lang='lat' dir='ltr'>»Tibullus</span> 
     </span>
     <span class='ocr_line' id='line_1_15' title="bbox 132 2256 1193 2371; baseline -0.003 -31"><span class='ocrx_word' id='word_1_102' title='bbox 132 2283 170 2340; x_wconf 91' lang='lat' dir='ltr'>et</span> <span class='ocrx_word' id='word_1_103' title='bbox 195 2267 418 2368; x_wconf 72' lang='lat' dir='ltr'>Propertius.</span> <span class='ocrx_word' id='word_1_104' title='bbox 485 2269 563 2341; x_wconf 84' lang='lat' dir='ltr'>Vno</span> <span class='ocrx_word' id='word_1_105' title='bbox 597 2290 693 2338; x_wconf 84' lang='lat' dir='ltr'>anno</span> <span class='ocrx_word' id='word_1_106' title='bbox 726 2256 953 2340; x_wconf 71' lang='lat' dir='ltr'>Parmensem</span> <span class='ocrx_word' id='word_1_107' title='bbox 987 2265 1193 2371; x_wconf 65' lang='lat' dir='ltr'>praecessit,</span> 
     </span>
    </p>
   </div>
   <div class='ocr_carea' id='block_1_12' title="bbox 132 2385 1321 2512">
    <p class='ocr_par' dir='ltr' id='par_1_12' title="bbox 132 2385 1321 2512">
     <span class='ocr_line' id='line_1_16' title="bbox 132 2385 1321 2512; baseline -0.001 -34"><span class='ocrx_word' id='word_1_108' title='bbox 132 2410 328 2507; x_wconf 86' lang='lat' dir='ltr'>impressus</span> <span class='ocrx_word' id='word_1_109' title='bbox 355 2404 512 2477; x_wconf 80' lang='lat' dir='ltr'>venetiis</span> <span class='ocrx_word' id='word_1_110' title='bbox 535 2410 610 2477; x_wconf 76' lang='lat' dir='ltr'>&#39;An</span> <span class='ocrx_word' id='word_1_111' title='bbox 634 2420 742 2502; x_wconf 58' lang='lat'><strong>¹47²·</strong></span> <span class='ocrx_word' id='word_1_112' title='bbox 802 2407 883 2505; x_wconf 85' lang='lat' dir='ltr'>Non</span> <span class='ocrx_word' id='word_1_113' title='bbox 918 2402 1067 2491; x_wconf 84' lang='lat' dir='ltr'>dubito,</span> <span class='ocrx_word' id='word_1_114' title='bbox 1094 2385 1215 2512; x_wconf 72' lang='lat' dir='ltr'>quin¹</span> <span class='ocrx_word' id='word_1_115' title='bbox 1312 2386 1321 2395; x_wconf 49' lang='grc'><strong>’</strong></span> 
     </span>
    </p>
   </div>
   <div class='ocr_carea' id='block_1_13' title="bbox 132 2538 1195 2642">
    <p class='ocr_par' dir='ltr' id='par_1_13' title="bbox 132 2538 1195 2642">
     <span class='ocr_line' id='line_1_17' title="bbox 132 2538 1195 2642; baseline -0.003 -26"><span class='ocrx_word' id='word_1_116' title='bbox 132 2542 220 2616; x_wconf 84' lang='lat' dir='ltr'>haec</span> <span class='ocrx_word' id='word_1_117' title='bbox 244 2545 292 2615; x_wconf 88' lang='lat' dir='ltr'>sit</span> <span class='ocrx_word' id='word_1_118' title='bbox 316 2542 478 2615; x_wconf 87' lang='lat' dir='ltr'>omnium</span> <span class='ocrx_word' id='word_1_119' title='bbox 502 2542 753 2642; x_wconf 82' lang='lat' dir='ltr'>antiquissima</span> <span class='ocrx_word' id='word_1_120' title='bbox 767 2538 897 2615; x_wconf 82' lang='lat' dir='ltr'>harum</span> <span class='ocrx_word' id='word_1_121' title='bbox 916 2541 1094 2617; x_wconf 82' lang='lat' dir='ltr'>Silvarum</span> <span class='ocrx_word' id='word_1_122' title='bbox 1119 2540 1195 2613; x_wconf 86' lang='lat' dir='ltr'>edi·</span> 
     </span>
    </p>
   </div>
   <div class='ocr_carea' id='block_1_14' title="bbox 135 2680 1275 2784">
    <p class='ocr_par' dir='ltr' id='par_1_14' title="bbox 135 2680 1275 2784">
     <span class='ocr_line' id='line_1_18' title="bbox 135 2680 1275 2784; baseline -0.002 -31"><span class='ocrx_word' id='word_1_123' title='bbox 135 2682 206 2754; x_wconf 87' lang='lat' dir='ltr'>tio:</span> <span class='ocrx_word' id='word_1_124' title='bbox 234 2697 354 2767; x_wconf 85' lang='lat' dir='ltr'>certe,</span> <span class='ocrx_word' id='word_1_125' title='bbox 371 2682 542 2784; x_wconf 56' lang='lat' dir='ltr'>omnious}</span> <span class='ocrx_word' id='word_1_126' title='bbox 549 2681 730 2754; x_wconf 82' lang='lat' dir='ltr'>rarissima</span> <span class='ocrx_word' id='word_1_127' title='bbox 746 2696 801 2753; x_wconf 88' lang='lat' dir='ltr'>est</span> <span class='ocrx_word' id='word_1_128' title='bbox 807 2706 819 2763; x_wconf 87' lang='lat'>;</span> <span class='ocrx_word' id='word_1_129' title='bbox 835 2706 955 2780; x_wconf 87' lang='lat' dir='ltr'>neque</span> <span class='ocrx_word' id='word_1_130' title='bbox 970 2680 1192 2753; x_wconf 86' lang='lat' dir='ltr'>mentionem</span> <span class='ocrx_word' id='word_1_131' title='bbox 1272 2738 1275 2743; x_wconf 92' lang='lat'>.</span> 
     </span>
    </p>
   </div>
   <div class='ocr_carea' id='block_1_15' title="bbox 124 2816 1193 3469">
    <p class='ocr_par' dir='ltr' id='par_1_15' title="bbox 124 2816 1193 3469">
     <span class='ocr_line' id='line_1_19' title="bbox 132 2816 1192 2924; baseline -0.005 -32"><span class='ocrx_word' id='word_1_132' title='bbox 132 2820 207 2903; x_wconf 90' lang='lat' dir='ltr'>eius</span> <span class='ocrx_word' id='word_1_133' title='bbox 221 2818 311 2891; x_wconf 82' lang='lat' dir='ltr'>alibi</span> <span class='ocrx_word' id='word_1_134' title='bbox 325 2818 471 2891; x_wconf 87' lang='lat' dir='ltr'>invenio</span> <span class='ocrx_word' id='word_1_135' title='bbox 486 2832 743 2917; x_wconf 81' lang='lat' dir='ltr'><strong>praeterquam</strong></span> <span class='ocrx_word' id='word_1_136' title='bbox 755 2818 794 2889; x_wconf 91' lang='lat' dir='ltr'>in</span> <span class='ocrx_word' id='word_1_137' title='bbox 808 2816 964 2924; x_wconf 75' lang='lat' dir='ltr'>obseuro</span> <span class='ocrx_word' id='word_1_138' title='bbox 977 2819 1047 2889; x_wconf 89' lang='lat' dir='ltr'>isto</span> <span class='ocrx_word' id='word_1_139' title='bbox 1060 2816 1192 2915; x_wconf 79' lang='lat' dir='ltr'>angulo</span> 
     </span>
     <span class='ocr_line' id='line_1_20' title="bbox 131 2924 1161 3065; baseline -0.006 -36"><span class='ocrx_word' id='word_1_140' title='bbox 131 2954 302 3029; x_wconf 80' lang='lat' dir='ltr'>editionis</span> <span class='ocrx_word' id='word_1_141' title='bbox 318 2924 538 3037; x_wconf 75' lang='lat' dir='ltr'>Parmedsis3</span> <span class='ocrx_word' id='word_1_142' title='bbox 566 2954 668 3025; x_wconf 87' lang='lat' dir='ltr'>istius</span> <span class='ocrx_word' id='word_1_143' title='bbox 688 2948 835 3054; x_wconf 57' lang='lat' dir='ltr'>quodue</span> <span class='ocrx_word' id='word_1_144' title='bbox 850 2979 1028 3065; x_wconf 78' lang='lat' dir='ltr'>perquaur</span> <span class='ocrx_word' id='word_1_145' title='bbox 1048 2977 1161 3026; x_wconf 83' lang='lat' dir='ltr'>rarae.</span> 
     </span>
     <span class='ocr_line' id='line_1_21' title="bbox 205 3083 1193 3193; baseline -0.004 -27"><span class='ocrx_word' id='word_1_146' title='bbox 205 3096 366 3166; x_wconf 78' lang='lat' dir='ltr'>Romanu</span> <span class='ocrx_word' id='word_1_147' title='bbox 384 3116 534 3193; x_wconf 89' lang='lat' dir='ltr'>quoque</span> <span class='ocrx_word' id='word_1_148' title='bbox 548 3089 679 3175; x_wconf 87' lang='lat' dir='ltr'>editi0‚</span> <span class='ocrx_word' id='word_1_149' title='bbox 700 3084 786 3163; x_wconf 83' lang='lat' dir='ltr'>licet</span> <span class='ocrx_word' id='word_1_150' title='bbox 801 3091 847 3163; x_wconf 84' lang='lat' dir='ltr'>ab</span> <span class='ocrx_word' id='word_1_151' title='bbox 864 3091 944 3163; x_wconf 85' lang='lat' dir='ltr'>aliis</span> <span class='ocrx_word' id='word_1_152' title='bbox 958 3083 1193 3193; x_wconf 74' lang='lat' dir='ltr'>pr&#39;aettorata,</span> 
     </span>
     <span class='ocr_line' id='line_1_22' title="bbox 124 3195 1192 3313; baseline -0.003 -11"><span class='ocrx_word' id='word_1_153' title='bbox 124 3226 299 3302; x_wconf 82' lang='lat' dir='ltr'>&#39;nonnihil</span> <span class='ocrx_word' id='word_1_154' title='bbox 316 3230 405 3303; x_wconf 89' lang='lat' dir='ltr'>novi</span> <span class='ocrx_word' id='word_1_155' title='bbox 421 3256 467 3302; x_wconf 86' lang='lat' dir='ltr'>ex</span> <span class='ocrx_word' id='word_1_156' title='bbox 487 3254 551 3301; x_wconf 92' lang='lat' dir='ltr'>suo</span> <span class='ocrx_word' id='word_1_157' title='bbox 569 3212 742 3313; x_wconf 82' lang='lat' dir='ltr'>contulit,</span> <span class='ocrx_word' id='word_1_158' title='bbox 776 3244 814 3300; x_wconf 90' lang='lat' dir='ltr'>et</span> <span class='ocrx_word' id='word_1_159' title='bbox 837 3229 1011 3303; x_wconf 83' lang='lat' dir='ltr'>lectiones</span> <span class='ocrx_word' id='word_1_160' title='bbox 1024 3195 1192 3301; x_wconf 77' lang='lat' dir='ltr'>Parrneo·</span> 
     </span>
     <span class='ocr_line' id='line_1_23' title="bbox 131 3350 1191 3469; baseline -0.001 -29"><span class='ocrx_word' id='word_1_161' title='bbox 131 3369 177 3441; x_wconf 87' lang='lat' dir='ltr'>sis</span> <span class='ocrx_word' id='word_1_162' title='bbox 196 3382 234 3439; x_wconf 87' lang='lat' dir='ltr'>et</span> <span class='ocrx_word' id='word_1_163' title='bbox 250 3369 410 3439; x_wconf 82' lang='lat' dir='ltr'>Venetae</span> <span class='ocrx_word' id='word_1_164' title='bbox 427 3364 527 3439; x_wconf 82' lang='lat' dir='ltr'>editt</span> <span class='ocrx_word' id='word_1_165' title='bbox 546 3350 796 3449; x_wconf 78' lang='lat' dir='ltr'>oonsirmavit3</span> <span class='ocrx_word' id='word_1_166' title='bbox 824 3365 943 3465; x_wconf 86' lang='lat' dir='ltr'>quod&#39;</span> <span class='ocrx_word' id='word_1_167' title='bbox 941 3367 1075 3469; x_wconf 80' lang='lat' dir='ltr'>passim</span> <span class='ocrx_word' id='word_1_168' title='bbox 1094 3361 1191 3439; x_wconf 72' lang='lat' dir='ltr'>vide</span> 
     </span>
    </p>
   </div>
   <div class='ocr_carea' id='block_1_16' title="bbox 129 3490 1267 3605">
    <p class='ocr_par' dir='ltr' id='par_1_16' title="bbox 129 3490 1267 3605">
     <span class='ocr_line' id='line_1_24' title="bbox 129 3490 1267 3605; baseline 0 -28"><span class='ocrx_word' id='word_1_169' title='bbox 129 3502 195 3579; x_wconf 83' lang='lat' dir='ltr'>his</span> <span class='ocrx_word' id='word_1_170' title='bbox 239 3506 335 3577; x_wconf 90' lang='lat' dir='ltr'>Huic</span> <span class='ocrx_word' id='word_1_171' title='bbox 354 3504 513 3605; x_wconf 78' lang='lat' dir='ltr'>praefuit</span> <span class='ocrx_word' id='word_1_172' title='bbox 531 3502 709 3575; x_wconf 84' lang='lat' dir='ltr'>Domitius</span> <span class='ocrx_word' id='word_1_173' title='bbox 727 3490 958 3591; x_wconf 68' lang='lat' dir='ltr'>(alderinus,</span> <span class='ocrx_word' id='word_1_174' title='bbox 984 3503 1195 3604; x_wconf 81' lang='lat' dir='ltr'>exscriptis</span> <span class='ocrx_word' id='word_1_175' title='bbox 1259 3523 1267 3541; x_wconf 54' lang='lat'><strong>⁸</strong></span> 
     </span>
    </p>
   </div>
   <div class='ocr_carea' id='block_1_17' title="bbox 129 3628 1190 3896">
    <p class='ocr_par' dir='ltr' id='par_1_17' title="bbox 129 3628 1190 3852">
     <span class='ocr_line' id='line_1_25' title="bbox 129 3628 1190 3728; baseline -0.001 -15"><span class='ocrx_word' id='word_1_176' title='bbox 129 3641 166 3713; x_wconf 89' lang='lat' dir='ltr'>in</span> <span class='ocrx_word' id='word_1_177' title='bbox 190 3628 353 3714; x_wconf 87' lang='lat' dir='ltr'>diversos</span> <span class='ocrx_word' id='word_1_178' title='bbox 377 3654 558 3723; x_wconf 79' lang='lat' dir='ltr'>auctores</span> <span class='ocrx_word' id='word_1_179' title='bbox 566 3638 670 3713; x_wconf 91' lang='lat' dir='ltr'>bene</span> <span class='ocrx_word' id='word_1_180' title='bbox 682 3656 830 3726; x_wconf 78' lang='lat' dir='ltr'>notus,</span> <span class='ocrx_word' id='word_1_181' title='bbox 847 3656 900 3727; x_wconf 87' lang='lat' dir='ltr'>et,</span> <span class='ocrx_word' id='word_1_182' title='bbox 938 3655 980 3713; x_wconf 91' lang='lat' dir='ltr'>ut</span> <span class='ocrx_word' id='word_1_183' title='bbox 1008 3640 1190 3728; x_wconf 74' lang='lat' dir='ltr'>illusere,</span> 
     </span>
     <span class='ocr_line' id='line_1_26' title="bbox 130 3774 1188 3896; baseline -0.002 -45"><span class='ocrx_word' id='word_1_184' title='bbox 130 3780 184 3851; x_wconf 80' lang='lat' dir='ltr'>vir</span> <span class='ocrx_word' id='word_1_185' title='bbox 219 3804 306 3851; x_wconf 83' lang='lat' dir='ltr'>sane</span> <span class='ocrx_word' id='word_1_186' title='bbox 339 3776 576 3850; x_wconf 87' lang='lat' dir='ltr'>doctissimus</span> <span class='ocrx_word' id='word_1_187' title='bbox 638 3776 760 3850; x_wconf 76' lang='lat' dir='ltr'>Multo</span> <span class='ocrx_word' id='word_1_188' title='bbox 791 3774 855 3896; x_wconf 80' lang='lat' dir='ltr'>ille</span> <span class='ocrx_word' id='word_1_189' title='bbox 888 3778 1004 3852; x_wconf 86' lang='lat' dir='ltr'>Statio</span> <span class='ocrx_word' id='word_1_190' title='bbox 1036 3777 1188 3851; x_wconf 81' lang='lat' dir='ltr'>feliciter</span> 
     </span>
    </p>
   </div>
   <div class='ocr_carea' id='block_1_18' title="bbox 37 3905 1271 4287">
    <p class='ocr_par' dir='ltr' id='par_1_18' title="bbox 37 3905 1271 4287">
     <span class='ocr_line' id='line_1_27' title="bbox 130 3905 1271 4021; baseline 0.001 -35"><span class='ocrx_word' id='word_1_191' title='bbox 130 3918 309 3999; x_wconf 67' lang='lat' dir='ltr'>restituitt</span> <span class='ocrx_word' id='word_1_192' title='bbox 340 3916 381 3986; x_wconf 91' lang='lat' dir='ltr'>in</span> <span class='ocrx_word' id='word_1_193' title='bbox 407 3915 528 4001; x_wconf 86' lang='lat' dir='ltr'>multis</span> <span class='ocrx_word' id='word_1_194' title='bbox 553 3914 745 4021; x_wconf 84' lang='lat' dir='ltr'>pueriliter</span> <span class='ocrx_word' id='word_1_195' title='bbox 770 3916 923 3990; x_wconf 78' lang='lat' dir='ltr'>enavit:</span> <span class='ocrx_word' id='word_1_196' title='bbox 967 3905 1037 3989; x_wconf 87' lang='lat' dir='ltr'>hoc</span> <span class='ocrx_word' id='word_1_197' title='bbox 1066 3931 1186 3989; x_wconf 81' lang='lat' dir='ltr'>temen</span> <span class='ocrx_word' id='word_1_198' title='bbox 1245 3946 1271 3979; x_wconf 76' lang='grc'>.’</span> 
     </span>
     <span class='ocr_line' id='line_1_28' title="bbox 96 4048 1245 4154; baseline 0.002 -33"><span class='ocrx_word' id='word_1_199' title='bbox 96 4048 100 4057; x_wconf 85' lang='grc'><strong>’</strong></span> <span class='ocrx_word' id='word_1_200' title='bbox 130 4054 280 4127; x_wconf 76' lang='lat' dir='ltr'>nomine</span> <span class='ocrx_word' id='word_1_201' title='bbox 292 4053 450 4125; x_wconf 83' lang='lat' dir='ltr'>maxime</span> <span class='ocrx_word' id='word_1_202' title='bbox 468 4050 688 4154; x_wconf 79' lang='lat' dir='ltr'>culpandus,</span> <span class='ocrx_word' id='word_1_203' title='bbox 717 4051 860 4152; x_wconf 83' lang='lat' dir='ltr'>quod</span> <span class='ocrx_word' id='word_1_204' title='bbox 833 4078 864 4125; x_wconf 82' lang='lat' dir='ltr'>n</span> <span class='ocrx_word' id='word_1_205' title='bbox 884 4050 973 4154; x_wconf 77' lang='lat' dir='ltr'>quid</span> <span class='ocrx_word' id='word_1_206' title='bbox 992 4078 1071 4126; x_wconf 90' lang='lat' dir='ltr'>non</span> <span class='ocrx_word' id='word_1_207' title='bbox 1084 4053 1188 4125; x_wconf 79' lang='lat' dir='ltr'>intel-</span> <span class='ocrx_word' id='word_1_208' title='bbox 1241 4108 1245 4113; x_wconf 56' lang='grc'><strong><em>,</em></strong></span> 
     </span>
     <span class='ocr_line' id='line_1_29' title="bbox 37 4172 1229 4287; baseline 0.004 -29"><span class='ocrx_word' id='word_1_209' title='bbox 37 4172 41 4179; x_wconf 60' lang='grc'><strong>’</strong></span> <span class='ocrx_word' id='word_1_210' title='bbox 130 4186 281 4275; x_wconf 79' lang='lat' dir='ltr'>lexerit,</span> <span class='ocrx_word' id='word_1_211' title='bbox 315 4190 441 4267; x_wconf 75' lang='lat' dir='ltr'>stetim</span> <span class='ocrx_word' id='word_1_212' title='bbox 476 4191 646 4276; x_wconf 79' lang='lat' dir='ltr'>mtrtavit3</span> <span class='ocrx_word' id='word_1_213' title='bbox 687 4192 796 4265; x_wconf 83' lang='lat' dir='ltr'>etium</span> <span class='ocrx_word' id='word_1_214' title='bbox 831 4189 985 4267; x_wconf 75' lang='lat' dir='ltr'>absurde</span> <span class='ocrx_word' id='word_1_215' title='bbox 1015 4196 1185 4287; x_wconf 81' lang='lat' dir='ltr'>nonnon·</span> <span class='ocrx_word' id='word_1_216' title='bbox 1220 4186 1229 4199; x_wconf 85' lang='lat'><em>&#39;</em></span> 
     </span>
    </p>
   </div>
   <div class='ocr_carea' id='block_1_19' title="bbox 0 0 1384 4750">
    <p class='ocr_par' dir='ltr' id='par_1_19' title="bbox 0 0 1384 4750">
     <span class='ocr_line' id='line_1_30' title="bbox 0 0 1384 4750; baseline 0 0"><span class='ocrx_word' id='word_1_217' title='bbox 0 0 1384 4750; x_wconf 95' lang='lat' dir='ltr'> </span> 
     </span>
    </p>
   </div>
  </div>
 </body>
</html>
